@inproceedings{tang2008arnetminer,
  title={Arnetminer: extraction and mining of academic social networks},
  author={Tang, Jie and Zhang, Jing and Yao, Limin and Li, Juanzi and Zhang, Li and Su, Zhong},
  booktitle={Proceedings of the 14th ACM SIGKDD international conference on Knowledge discovery and data mining},
  pages={990--998},
  year={2008},
  organization={ACM}
}
@inproceedings{tang2008topic,
  title={A topic modeling approach and its integration into the random walk framework for academic search},
  author={Tang, Jie and Jin, Ruoming and Zhang, Jing},
  booktitle={2008 Eighth IEEE International Conference on Data Mining},
  pages={1055--1060},
  year={2008},
  organization={IEEE}
}
@article{tang2011unified,
  title={A unified probabilistic framework for name disambiguation in digital library},
  author={Tang, Jie and Fong, Alvis CM and Wang, Bo and Zhang, Jing},
  journal={IEEE Transactions on Knowledge and Data Engineering},
  volume={24},
  number={6},
  pages={975--987},
  year={2011},
  publisher={IEEE}
}
@inproceedings{zhang2007constraint,
  title={A constraint-based probabilistic framework for name disambiguation},
  author={Zhang, Duo and Tang, Jie and Li, Juanzi and Wang, Kehong},
  booktitle={Proceedings of the sixteenth ACM conference on Conference on information and knowledge management},
  pages={1019--1022},
  year={2007},
  organization={ACM}
}
@inproceedings{zhang2018name,
  title={Name Disambiguation in AMiner: Clustering, Maintenance, and Human in the Loop.},
  author={Zhang, Yutao and Zhang, Fanjin and Yao, Peiran and Tang, Jie},
  booktitle={Proceedings of the 24th ACM SIGKDD International Conference on Knowledge Discovery \& Data Mining},
  pages={1002--1011},
  year={2018},
  organization={ACM}
}
@inproceedings{wang2011adana,
  title={Adana: Active name disambiguation},
  author={Wang, Xuezhi and Tang, Jie and Cheng, Hong and Philip, S Yu},
  booktitle={2011 IEEE 11th international conference on data mining},
  pages={794--803},
  year={2011},
  organization={IEEE}
}
@inproceedings{tan2010social,
  title={Social action tracking via noise tolerant time-varying factor graphs},
  author={Tan, Chenhao and Tang, Jie and Sun, Jimeng and Lin, Quan and Wang, Fengjiao},
  booktitle={Proceedings of the 16th ACM SIGKDD international conference on Knowledge discovery and data mining},
  pages={1049--1058},
  year={2010},
  organization={ACM}
}
@inproceedings{wang2010mining,
  title={Mining advisor-advisee relationships from research publication networks},
  author={Wang, Chi and Han, Jiawei and Jia, Yuntao and Tang, Jie and Zhang, Duo and Yu, Yintao and Guo, Jingyi},
  booktitle={Proceedings of the 16th ACM SIGKDD international conference on Knowledge discovery and data mining},
  pages={203--212},
  year={2010},
  organization={ACM}
}
@article{yang2010social,
  title={Social community analysis via a factor graph model},
  author={Yang, Zi and Tang, Jie and Li, Juanzi and Yang, Wenjun},
  journal={IEEE Intelligent Systems},
  number={3},
  pages={58--65},
  year={2010},
  publisher={IEEE}
}
@inproceedings{tang2009social,
  title={Social influence analysis in large-scale networks},
  author={Tang, Jie and Sun, Jimeng and Wang, Chi and Yang, Zi},
  booktitle={Proceedings of the 15th ACM SIGKDD international conference on Knowledge discovery and data mining},
  pages={807--816},
  year={2009},
  organization={ACM}
}
@inproceedings{tang2009topic,
  title={Topic distributions over links on web},
  author={Tang, Jie and Zhang, Jing and Yu, Jeffrey Xu and Yang, Zi and Cai, Keke and Ma, Rui and Zhang, Li and Su, Zhong},
  booktitle={2009 Ninth IEEE International Conference on Data Mining},
  pages={1010--1015},
  year={2009},
  organization={IEEE}
}
@article{tang2010combination,
  title={A combination approach to web user profiling},
  author={Tang, Jie and Yao, Limin and Zhang, Duo and Zhang, Jing},
  journal={ACM Transactions on Knowledge Discovery from Data (TKDD)},
  volume={5},
  number={1},
  pages={2},
  year={2010},
  publisher={ACM}
}
@inproceedings{tang2007social,
  title={Social network extraction of academic researchers},
  author={Tang, Jie and Zhang, Duo and Yao, Limin},
  booktitle={Seventh IEEE International Conference on Data Mining (ICDM 2007)},
  pages={292--301},
  year={2007},
  organization={IEEE}
}
@inproceedings{tang2006tree,
  title={Tree-structured conditional random fields for semantic annotation},
  author={Tang, Jie and Hong, Mingcai and Li, Juanzi and Liang, Bangyong},
  booktitle={international semantic web conference},
  pages={640--653},
  year={2006},
  organization={Springer}
}